@inproceedings{alsaleemMultiFactorAuthentication2021,
  title = {Multi-{{Factor Authentication}} to {{Systems Login}}},
  booktitle = {2021 {{National Computing Colleges Conference}} ({{NCCC}})},
  author = {ALSaleem, Bandar Omar and Alshoshan, Abdullah I.},
  year = {2021},
  month = mar,
  pages = {1--4},
  publisher = {IEEE},
  address = {Taif, Saudi Arabia},
  doi = {10.1109/NCCC49330.2021.9428806},
  url = {https://ieeexplore.ieee.org/document/9428806/},
  urldate = {2024-09-27},
  copyright = {https://ieeexplore.ieee.org/Xplorehelp/downloads/license-information/IEEE.html},
  isbn = {978-1-72816-719-0}
}

@inbook{dasguptaMultiFactorAuthentication2017,
  title = {Multi-{{Factor Authentication}}},
  booktitle = {Advances in {{User Authentication}}},
  author = {Dasgupta, Dipankar and Roy, Arunava and Nag, Abhijit},
  year = {2017},
  pages = {185--233},
  publisher = {Springer International Publishing},
  address = {Cham},
  doi = {10.1007/978-3-319-58808-7_5},
  url = {http://link.springer.com/10.1007/978-3-319-58808-7_5},
  urldate = {2024-09-27},
  collaborator = {Dasgupta, Dipankar and Roy, Arunava and Nag, Abhijit},
  isbn = {978-3-319-58806-3 978-3-319-58808-7}
}

@inproceedings{decristofaroComparativeUsability2014,
  title = {A {{Comparative Usability Study}} of {{Two-Factor Authentication}}},
  booktitle = {Proceedings 2014 {{Workshop}} on {{Usable Security}}},
  author = {De Cristofaro, Emiliano and Du, Honglu and Freudiger, Julien and Norcie, Greg},
  year = {2014},
  publisher = {Internet Society},
  address = {San Diego, CA},
  doi = {10.14722/usec.2014.23025},
  url = {https://www.ndss-symposium.org/ndss2014/workshop-usable-security-usec-2014-programme/comparative-usability-study-two-factor-authentication},
  urldate = {2024-09-27},
  isbn = {978-1-891562-37-2},
  langid = {english},
  file = {/home/josh/Zotero/storage/NZHER7SG/De Cristofaro et al. - 2014 - A Comparative Usability Study of Two-Factor Authentication.pdf}
}

@article{singhMultifactorAuthentication2017,
  title = {Multi-Factor {{Authentication}} and Their {{Approaches}}},
  author = {Singh, Saroj},
  year = {2017},
  month = may,
  journal = {International Research Journal of Management, IT and Social Sciences},
  issn = {23957492, 23957492},
  doi = {10.21744/irjmis.v4i3.464},
  url = {http://ijcu.us/online/journal/index.php/irjmis/article/view/464},
  urldate = {2024-09-27}
}

@article{yuEfficientGeneric2014,
  title = {An {{Efficient Generic Framework}} for {{Three-Factor Authentication With Provably Secure Instantiation}}},
  author = {Yu, Jiangshan and Wang, Guilin and Mu, Yi and Gao, Wei},
  year = {2014},
  month = dec,
  journal = {IEEE Transactions on Information Forensics and Security},
  volume = {9},
  number = {12},
  pages = {2302--2313},
  issn = {1556-6013, 1556-6021},
  doi = {10.1109/TIFS.2014.2362979},
  url = {https://ieeexplore.ieee.org/document/6923423},
  urldate = {2024-09-27},
  copyright = {https://ieeexplore.ieee.org/Xplorehelp/downloads/license-information/IEEE.html}
}
